<record><leader>00000cas a22000007a 4500</leader><controlfield tag="001">14193458</controlfield><controlfield tag="008">860908c19869999utuwr ne      0   a0eng d</controlfield><datafield ind1=" " ind2=" " tag="010"><subfield code="a">sn 86091566 </subfield></datafield><datafield ind1=" " ind2=" " tag="040"><subfield code="a">UNP</subfield><subfield code="b">eng</subfield><subfield code="c">UNP</subfield><subfield code="d">NSD</subfield><subfield code="d">UUS</subfield><subfield code="d">OCLCQ</subfield><subfield code="d">OCLCF</subfield><subfield code="d">OCLCO</subfield><subfield code="d">OCL</subfield></datafield><datafield ind1=" " ind2=" " tag="012"><subfield code="m">1</subfield></datafield><datafield ind1=" " ind2=" " tag="019"><subfield code="a">33035590</subfield></datafield><datafield ind1="1" ind2=" " tag="022"><subfield code="a">0892-225X</subfield><subfield code="l">0892-225X</subfield><subfield code="2">1</subfield></datafield><datafield ind1=" " ind2=" " tag="032"><subfield code="a">062220</subfield><subfield code="b">USPS</subfield></datafield><datafield ind1=" " ind2=" " tag="037"><subfield code="b">Box Elder News Journal, P.O. Box 370, Brigham City, UT 84302-0370</subfield></datafield><datafield ind1=" " ind2=" " tag="042"><subfield code="a">msc</subfield><subfield code="a">nsdp</subfield></datafield><datafield ind1=" " ind2=" " tag="043"><subfield code="a">n-us-ut</subfield></datafield><datafield ind1=" " ind2="0" tag="222"><subfield code="a">Box Elder news journal</subfield><subfield code="b">(1986)</subfield></datafield><datafield ind1="0" ind2="0" tag="245"><subfield code="a">Box Elder news journal.</subfield></datafield><datafield ind1=" " ind2=" " tag="260"><subfield code="a">Brigham City, Utah :</subfield><subfield code="b">C. Claybaugh,</subfield><subfield code="c">1986-</subfield></datafield><datafield ind1=" " ind2=" " tag="300"><subfield code="a">v. :</subfield><subfield code="b">ill. ;</subfield><subfield code="c">57 cm.</subfield></datafield><datafield ind1=" " ind2=" " tag="310"><subfield code="a">Weekly</subfield></datafield><datafield ind1="0" ind2=" " tag="362"><subfield code="a">Vol. 79, no. 36 (Sept. 3, 1986)-</subfield></datafield><datafield ind1=" " ind2=" " tag="500"><subfield code="a">Publisher varies: Box Elder News-Journal, &lt;Jan. 7, 1987-&gt;</subfield></datafield><datafield ind1=" " ind2=" " tag="515"><subfield code="a">Issue for v. 80, no. 1 (Jan. 7, 1987) erroneously dated Jan. 7, 1986.</subfield></datafield><datafield ind1=" " ind2=" " tag="580"><subfield code="a">Formed by merger of: Box Elder news (Brigham City, Utah : 1949), and: Box Elder journal (Brigham City, Utah : 1949), and assumes the numbering of the latter.</subfield></datafield><datafield ind1=" " ind2=" " tag="588"><subfield code="a">Latest issue consulted: Vol. 80, no. 1 (Wednesday, Jan. 7, 1986).</subfield></datafield><datafield ind1=" " ind2="0" tag="650"><subfield code="a">Newspapers.</subfield></datafield><datafield ind1=" " ind2="7" tag="650"><subfield code="a">Newspapers.</subfield><subfield code="2">fast</subfield><subfield code="0">(OCoLC)fst01037111</subfield></datafield><datafield ind1=" " ind2=" " tag="752"><subfield code="a">United States</subfield><subfield code="b">Utah</subfield><subfield code="c">Box Elder</subfield><subfield code="d">Brigham City.</subfield></datafield><datafield ind1="1" ind2="4" tag="780"><subfield code="t">Box Elder news (Brigham City, Utah : 1949)</subfield><subfield code="w">(DLC)sn 85058114</subfield><subfield code="w">(OCoLC)11956223</subfield></datafield><datafield ind1="1" ind2="4" tag="780"><subfield code="t">Box Elder journal (Brigham City, Utah : 1949)</subfield><subfield code="w">(DLC)sn 85058115</subfield><subfield code="w">(OCoLC)11956242</subfield></datafield><datafield ind1="1" ind2=" " tag="029"><subfield code="a">AU@</subfield><subfield code="b">000025798902</subfield></datafield></record>